@Book{1,
  author = 	 	 {The National Electrical Manufactures Association, VA},
  title = 	 	 {Digital Imaging and Communications in Medicine (DICOM) PS 3.1},
  publisher = 	 {NEMA Publications},
  year = 	 	 {2016},
}

@Book{2,
  author = 	 	 {IHE International, Inc.},
  title = 	 	 {IHE Radiology Technical FrameWork},
  publisher = 	 {http://www.ihe.net/},
  year = 	 	 {consultada Noviembre 2016},
}

@Book{3,
  author = 	 	 {Hendee,W. R.},
  title = 	 	 {Medical Imaging Physics},
  publisher = 	{Willey-Lys},
  year = 	 	 {2002},
}

@Book{4,
  author = 	 	 {Desco Menendez, M},
  title = 	 	 {Más de un siglo de imagen médica},
  publisher = 	{Revista Arbor, nº 698},
  year = 	 	 {2004},
}
@Book{5,
  author = 	 	 {Narváez, M Merello, E},
  title = 	 	 {Ciencias de la Salud: Dignóstico por Imagen. Estudio de prospectiva},
  publisher = 	{Fundación OPTI},
  year = 	 	 {2009},
}

@Book{6,
  author = 	 	 {Escobar, P.P.},
  title = 	 	 {Temario de la asignatura Imágenes en medicina},
  publisher = 	{Capítulo 2. Imagen Médica},
  year = 	 	 {2012},
}
@Book{7,
  author = 	 	 {SEFM},
  title = 	 	 {Fundamentos de Física Médica. Volumen 2. Radiodiagnóstico: bases físicas, equipos y control de calidad},
  year = 	 	 {2012},
}
@Book{8,
  author = 	 	 {CSN},
  title = 	 	 {Radiación y Protección Radiológica. Guía didáctica para centros de enseñanza secundaria},
  year = 	 	 {2010},
}
@Book{9,
  author = 	 	 {Chávarri Díaz, M. Lloret Lloréis, R.M.},
  title = 	 	 {VI Informe Seis 2004},
  publisher = 	{SEIS},
  year = 	 	 {Capítulo VIII. Diagnóstico por la Imagen, 2004},
}
@Book{10,
  author = 	 	 {Pianykh, O. S.},
  title = 	 	 {Digital Imaging and Communications in Medicine (DICOM). A practical Introduction and Survival Guide},
  publisher = 	{Springer},
  year = 	 	 {2008},
}
@Book{11,
  author = 	 	 {Bidgood, W.D. Horii, S.C.},
  title = 	 	 {Understanding and Using DICOM, the Data Interchange Standard for Biomedical Imaging},
  publisher = 	{Journal of the American Medical Informatics Assosiation},
  year = 	 	 {Volumen 4 Número 3 Mayo / 1997},
}
@Book{12,
  author = 	 	 {The National Electrical Manufactures Association, VA},
  title = 	 	 {Digital Imaging and Communications in Medicine (DICOM) PS 3.2},
  publisher = 	 {NEMA Publications},
  year = 	 	 {2016},
}
@Book{13,
  author = 	 	 {The National Electrical Manufactures Association, VA},
  title = 	 	 {Digital Imaging and Communications in Medicine (DICOM) PS 3.3},
  publisher = 	 {NEMA Publications},
  year = 	 	 {2016},
}
@Book{14,
  author = 	 	 {The National Electrical Manufactures Association, VA},
  title = 	 	 {Digital Imaging and Communications in Medicine (DICOM) PS 3.6},
  publisher = 	 {NEMA Publications},
  year = 	 	 {2016},
}
@Book{15,
  author = 	 	 {The National Electrical Manufactures Association, VA},
  title = 	 	 {Digital Imaging and Communications in Medicine (DICOM) PS 3.4},
  publisher = 	 {NEMA Publications},
  year = 	 	 {2016},
}
@Book{16,
  author = 	 	 {The National Electrical Manufactures Association, VA},
  title = 	 	 {Digital Imaging and Communications in Medicine (DICOM) PS 3.7},
  publisher = 	 {NEMA Publications},
  year = 	 	 {2016},
}
@Book{17,
  author = 	 	 {The National Electrical Manufactures Association, VA},
  title = 	 	 {Digital Imaging and Communications in Medicine (DICOM) PS 3.8},
  publisher = 	 {NEMA Publications},
  year = 	 	 {2016},
}